<record><leader>00000cas a2200000 a 4500</leader><controlfield tag="001">38367214</controlfield><controlfield tag="008">980206d18601862vtuwr ne      0    0eng c</controlfield><datafield ind1=" " ind2=" " tag="010"><subfield code="a">sn 98060012 </subfield></datafield><datafield ind1=" " ind2=" " tag="040"><subfield code="a">NVN</subfield><subfield code="b">eng</subfield><subfield code="c">NVN</subfield><subfield code="d">OCL</subfield><subfield code="d">OCLCQ</subfield><subfield code="d">OCLCF</subfield><subfield code="d">OCLCO</subfield></datafield><datafield ind1=" " ind2=" " tag="042"><subfield code="a">pcc</subfield></datafield><datafield ind1=" " ind2=" " tag="043"><subfield code="a">n-us-vt</subfield></datafield><datafield ind1="0" ind2=" " tag="130"><subfield code="a">Vermonter (Vergennes, Vt.)</subfield></datafield><datafield ind1="1" ind2="4" tag="245"><subfield code="a">The Vermonter.</subfield></datafield><datafield ind1=" " ind2=" " tag="260"><subfield code="a">Vergennes, Vt. :</subfield><subfield code="b">Wm. G. Cambridge</subfield></datafield><datafield ind1=" " ind2=" " tag="300"><subfield code="a">v.</subfield></datafield><datafield ind1=" " ind2=" " tag="310"><subfield code="a">Weekly</subfield></datafield><datafield ind1="0" ind2=" " tag="362"><subfield code="a">Vol. 6, no. 24 (Oct. 9, 1860).</subfield></datafield><datafield ind1="1" ind2=" " tag="362"><subfield code="a">Ceased in Nov. 1862.</subfield></datafield><datafield ind1=" " ind2=" " tag="500"><subfield code="a">Vol. 6, no. 23 (Oct. 2, 1860)--was not printed.</subfield></datafield><datafield ind1=" " ind2="0" tag="651"><subfield code="a">Vergennes (Vt.)</subfield><subfield code="v">Newspapers.</subfield></datafield><datafield ind1=" " ind2="0" tag="651"><subfield code="a">Vermont</subfield><subfield code="v">Newspapers.</subfield></datafield><datafield ind1=" " ind2="7" tag="655"><subfield code="a">Newspapers.</subfield><subfield code="2">fast</subfield><subfield code="0">(OCoLC)fst01423814</subfield></datafield><datafield ind1=" " ind2="7" tag="651"><subfield code="a">Vermont.</subfield><subfield code="2">fast</subfield><subfield code="0">(OCoLC)fst01204305</subfield></datafield><datafield ind1=" " ind2="7" tag="651"><subfield code="a">Vermont</subfield><subfield code="z">Vergennes.</subfield><subfield code="2">fast</subfield><subfield code="0">(OCoLC)fst01214454</subfield></datafield><datafield ind1=" " ind2=" " tag="752"><subfield code="a">United States</subfield><subfield code="b">Vermont</subfield><subfield code="c">Addison</subfield><subfield code="d">Vergennes.</subfield></datafield><datafield ind1="0" ind2="0" tag="780"><subfield code="t">Vergennes citizen (Vergennes, Vt. : 1855)</subfield><subfield code="w">(DLC)sn 84023269</subfield><subfield code="w">(OCoLC)10853551</subfield></datafield><datafield ind1="0" ind2="0" tag="785"><subfield code="t">Vergennes Vermonter and citizen</subfield><subfield code="w">(DLC)sn 98060184</subfield><subfield code="w">(OCoLC)40132631</subfield></datafield></record>